
@misc{wget:homepage,
     title = {GNU wget GNU Project Free Software Foundation (FSF)},
     date = {2005},
     author = {GNU Project},
     howpublished = "\url{http://www.gnu.org/software/wget/wget.html}",
}

@misc{rss:webpage,
     title = {Web RSS (Syndication) History},
     author = {J. Reagle},
     year = {2003},
     howpublished = "\url{http://goatee.net/2003/rss-history.html}",
}