@misc{api:twitter,
     title = {{Twitter API: Overview}},
     author = {{Twitter, Inc.}},
     year = {2014},
     howpublished = "\url{https://dev.twitter.com/overview/api/}",
}

@misc{api:twitter_friendslist,
     title = {{Twitter API: GET friends/list}},
     author = {{Twitter Inc.}},
     year = {2014},
     howpublished = "\url{https://dev.twitter.com/rest/reference/get/friends/list/}",
}

@misc{py:requests,
     title = {{Python-Requests}},
     author = {{Kenneth Reitz and Contributors}},
     year = {2014},
     howpublished = "\url{http://docs.python-requests.org/en/latest/}",
}

@misc{py:pickle,
     title = {{Python pickle module}},
     author = {{The Python Software Foundation}},
     year = {2014},
     howpublished = "\url{https://docs.python.org/2/library/pickle.html}",
}

@misc{py:soup,
     title = {{Beautiful Soup}},
     author = {{Leonard Richardson}},
     year = {2014},
     howpublished = "\url{http://www.crummy.com/software/BeautifulSoup/}",
}

@misc{py:time,
     title = {{Python time module}},
     author = {{The Python Software Foundation}},
     year = {2014},
     howpublished = "\url{https://docs.python.org/2/library/time.html}",
}

@misc{py:urlparse,
     title = {{Python urlparse module}},
     author = {{The Python Software Foundation}},
     year = {2014},
     howpublished = "\url{https://docs.python.org/2/library/urlparse.html}",
}

@misc{dot:graphviz,
     title = {{GraphViz}},
     author = {{AT\&T Research Labs}},
     year = {2014},
     howpublished = "\url{http://www.graphviz.org/}",
}

@misc{graph:gephi,
     title = {{Gephi}},
     author = {{The Gephi Team}},
     year = {13 Sep 2014},
     howpublished = "\url{https://gephi.github.io/}",
}

@misc{misc:stack_unixepoch,
     title = {{Why is 1/1/1970 the ``epoch time''?}},
     author = {{Community Wiki, Stack Overflow}},
     year = {Last edited June 23, 2011},
     howpublished = "\url{http://stackoverflow.com/questions/1090869/why-is-1-1-1970-the-epoch-time}",
}